@misc{bib01,
    author       = "{United Nations, DESA, Population Division}",
    title        = "{World Population Prospects 2024}",
    year         = {2024},
    url          = {http://population.un.org/wpp/},
    note         = "{Licensed under Creative Commons CC BY 3.0 IGO}",
    institution  = "{United Nations, Department of Economic and Social Affairs (DESA), Population Division}",
}

@misc{bib02,
    author       = "{Pakistan Bureau of Statistics}",
    title        = "{7th Population \& Housing Census: Key Findings Report - First Ever Digital Census}",
    year         = {2023},
    note         = "{The Largest Digitization Exercise of South Asia}",
    url          = {https://www.pbs.gov.pk/},
    institution  = "{Pakistan Bureau of Statistics, Government of Pakistan}",
    address      = {Islamabad, Pakistan},
}

@misc{bib3,
  author       = {Asian Development Bank},
  title        = {Proposed Multitranche Financing Facility: Second Power Distribution Enhancement Investment Program (Project Data Sheet)},
  howpublished = {\url{https://www.adb.org/sites/default/files/linked-documents/46538-002-efa.pdf}},
  note         = {Accessed: 26-Sep-2024}
}